@BOOK{lb_SFC,
  AUTHOR       = "Chandra Kopparapu",
  TITLE        = "Load Balancing Servers, Firewalls and Caches",
  PUBLISHER    = "John Wiley and Sons, Inc.",
  YEAR         = "2001",
  ADDRESS      = "New York"
}

@inproceedings{ETH_Arbeit,
	author = "Prof.Dr.B.Plattner, übernommen von Prof.Dr.F.Mattern",
	title = "Praktische Arbeit 2 zur Vorlesung 'Verteilte Systeme'",
	publisher = "ETH Zürich",
	address = "Online: http://www.tik.ee.ethz.ch/tik/education/lectures/VS/SS02/Praktikum/aufgabe2.pdf",
	year = "Last update: No information, Last call: 12.12.2014"
}

@inproceedings{ETH_Files,
	author = "Loadbalancer.org, Inc",
	title = "Supported Load Balancing Methods",
	publisher = "Loadbalancer.org, Inc",
	address = "Online: http://www.loadbalancer.org/load_balancing_methods.php",
	year = "Last update: 2014, Last call: 4.12.2014"
}